% Encoding: UTF-8

@Article{harel2012behavioral,
  author    = {Harel, David and Marron, Assaf and Weiss, Gera},
  journal   = {Communications of the ACM},
  title     = {Behavioral programming},
  year      = {2012},
  number    = {7},
  pages     = {90--100},
  volume    = {55},
  publisher = {ACM New York, NY, USA},
}

@InProceedings{bar2019scenario,
  author    = {Bar-Sinai, M and Elyasaf, A and Sadon, A and Weiss, G},
  booktitle = {The 59th Israel Annual Conference on Aerospace Sciences (IACAS), 2019},
  title     = {A scenario based on-board software and testing environment for satellites},
  year      = {2019},
}

@InProceedings{elyasaf2019using,
  author       = {Elyasaf, Achiya and Sadon, Aviran and Weiss, Gera and Yaacov, Tom},
  booktitle    = {2019 ACM/IEEE 22nd International Conference on Model Driven Engineering Languages and Systems Companion (MODELS-C)},
  title        = {Using Behavioural Programming with Solver, Context, and Deep Reinforcement Learning for Playing a Simplified RoboCup-Type Game},
  year         = {2019},
  organization = {IEEE},
  pages        = {243--251},
}

@Article{katz2019fly,
  author  = {Katz, Guy and Marron, Assaf and Sadon, Aviran and Weiss, Gera},
  journal = {arXiv preprint arXiv:1909.00408},
  title   = {On-the-fly construction of composite events in scenario-based modeling using constraint solvers},
  year    = {2019},
}

@InProceedings{elyasaf2018context,
  author    = {Elyasaf, Achiya and Marron, Assaf and Sturm, Arnon and Weiss, Gera},
  booktitle = {MODELS Workshops},
  title     = {A Context-Based Behavioral Language for IoT.},
  year      = {2018},
  pages     = {485--494},
}

@InProceedings{bar2018bpjs,
  author    = {Bar-Sinai, Michael and Weiss, Gera and Shmuel, Reut},
  booktitle = {Proceedings of the 21st ACM/IEEE International Conference on Model Driven Engineering Languages and Systems: Companion Proceedings},
  title     = {BPjs: an extensible, open infrastructure for behavioral programming research},
  year      = {2018},
  pages     = {59--60},
}

@InProceedings{harel2011model,
  author    = {Harel, David and Lampert, Robby and Marron, Assaf and Weiss, Gera},
  booktitle = {Proceedings of the ninth ACM international conference on Embedded software},
  title     = {Model-checking behavioral programs},
  year      = {2011},
  pages     = {279--288},
}

@InProceedings{harel2013relaxing,
  author       = {Harel, David and Kantor, Amir and Katz, Guy},
  booktitle    = {International Conference on Logic for Programming Artificial Intelligence and Reasoning},
  title        = {Relaxing synchronization constraints in behavioral programs},
  year         = {2013},
  organization = {Springer},
  pages        = {355--372},
}

@InProceedings{harel2002smart,
  author       = {Harel, David and Kugler, Hillel and Marelly, Rami and Pnueli, Amir},
  booktitle    = {International Conference on Formal Methods in Computer-Aided Design},
  title        = {Smart play-out of behavioral requirements},
  year         = {2002},
  organization = {Springer},
  pages        = {378--398},
}

@InProceedings{kugler2011synthesizing,
  author       = {Kugler, Hillel and Plock, Cory and Roberts, Andy},
  booktitle    = {International Conference on Computer Aided Verification},
  title        = {Synthesizing biological theories},
  year         = {2011},
  organization = {Springer},
  pages        = {579--584},
}

@InProceedings{maoz2013counter,
  author       = {Maoz, Shahar and Sa'ar, Yaniv},
  booktitle    = {2013 35th International Conference on Software Engineering (ICSE)},
  title        = {Counter play-out: executing unrealizable scenario-based specifications},
  year         = {2013},
  organization = {IEEE},
  pages        = {242--251},
}

@InProceedings{harel2010programming,
  author       = {Harel, David and Marron, Assaf and Weiss, Gera},
  booktitle    = {European Conference on Object-Oriented Programming},
  title        = {Programming coordinated behavior in java},
  year         = {2010},
  organization = {Springer},
  pages        = {250--274},
}

@Book{harel2003come,
  author    = {Harel, David and Marelly, Rami},
  publisher = {Springer Science \& Business Media},
  title     = {Come, let’s play: scenario-based programming using LSCs and the play-engine},
  year      = {2003},
  volume    = {1},
}

@InCollection{marron2012decentralized,
  author    = {Marron, Assaf and Weiss, Gera and Wiener, Guy},
  booktitle = {Proceedings of the 2nd edition on Programming systems, languages and applications based on actors, agents, and decentralized control abstractions},
  publisher = {Association for Computing Machinery, New York, NY, United States},
  title     = {A decentralized approach for programming interactive applications with javascript and blockly},
  year      = {2012},
  pages     = {59--70},
}

@Article{leveson1987safety,
  author    = {Leveson, Nancy G. and Stolzy, Janice L.},
  journal   = {IEEE Transactions on software engineering},
  title     = {Safety analysis using Petri nets},
  year      = {1987},
  number    = {3},
  pages     = {386--397},
  publisher = {IEEE},
}

@InProceedings{liu2014penda,
  author    = {Liu, Baisi and Ghazel, Mohamed and Toguy{\'e}ni, Armand},
  booktitle = {ADECS@ Petri Nets},
  title     = {OF-PENDA: A Software Tool for Fault Diagnosis of Discrete Event Systems Modeled by Labeled Petri Nets.},
  year      = {2014},
  pages     = {20--35},
}

@InProceedings{ghazel2016customizable,
  author       = {Ghazel, Mohamed and Liu, Baisi},
  booktitle    = {2016 13th International Workshop on Discrete Event Systems (WODES)},
  title        = {A customizable railway benchmark to deal with fault diagnosis issues in DES},
  year         = {2016},
  organization = {IEEE},
  pages        = {177--182},
}

@InCollection{mazzeo1997systematic,
  author    = {Mazzeo, Antonino and Mazzocca, Nicola and Russo, Stefano and Vittorini, Valeria},
  booktitle = {Safety-Critical Real-Time Systems},
  publisher = {Springer},
  title     = {A systematic approach to the Petri net based specification of concurrent systems},
  year      = {1997},
  pages     = {3--20},
}

@PhdThesis{boussif2016contributions,
  author = {Boussif, Abderraouf},
  school = {Universit{\'e} de Lille1-Sciences et Technologies},
  title  = {Contributions to model-based diagnosis of discrete-event systems},
  year   = {2016},
}

@InProceedings{boussif2017experimental,
  author    = {Boussif, Abderraouf and Liu, Baisi and Ghazel, Mohamed},
  booktitle = {DX'17-28th International Workshop on Principles of Diagnosis},
  title     = {An experimental comparison of three diagnosis techniques for discrete event systems},
  year      = {2017},
  pages     = {p8},
}

@Article{liu2018time,
  author    = {Liu, Guanjun and Jiang, Changjun and Zhou, Mengchu},
  journal   = {ACM Transactions on Cyber-Physical Systems},
  title     = {Time-soundness of time Petri nets modelling time-critical systems},
  year      = {2018},
  number    = {2},
  pages     = {1--27},
  volume    = {2},
  publisher = {ACM New York, NY, USA},
}

@InProceedings{tsay2007goal,
  author       = {Tsay, Yih-Kuen and Chen, Yu-Fang and Tsai, Ming-Hsien and Wu, Kang-Nien and Chan, Wen-Chin},
  booktitle    = {International Conference on Tools and Algorithms for the Construction and Analysis of Systems},
  title        = {GOAL: A graphical tool for manipulating B{\"u}chi automata and temporal formulae},
  year         = {2007},
  organization = {Springer},
  pages        = {466--471},
}

@Article{giua2017modeling,
  author    = {Giua, Alessandro and Silva, Manuel},
  journal   = {IFAC-PapersOnLine},
  title     = {Modeling, analysis and control of discrete event systems: a Petri net perspective},
  year      = {2017},
  number    = {1},
  pages     = {1772--1783},
  volume    = {50},
  publisher = {Elsevier},
}

@InProceedings{sobocinski2010representations,
  author       = {Soboci{\'n}ski, Pawe{\l}},
  booktitle    = {International Conference on Concurrency Theory},
  title        = {Representations of Petri net interactions},
  year         = {2010},
  organization = {Springer},
  pages        = {554--568},
}

@Article{sobocinski2013connector,
  author    = {Sobocinski, Pawel and Montanari, Ugo and Melgratti, Hernan and Bruni, Roberto},
  journal   = {Logical Methods in Computer Science},
  title     = {Connector algebras for C/E and P/T nets' interactions},
  year      = {2013},
  volume    = {9},
  publisher = {Episciences. org},
}

@InProceedings{baldan2001compositional,
  author       = {Baldan, Paolo and Corradini, Andrea and Ehrig, Hartmut and Heckel, Reiko},
  booktitle    = {International Conference on Concurrency Theory},
  title        = {Compositional modeling of reactive systems using open nets},
  year         = {2001},
  organization = {Springer},
  pages        = {502--518},
}

@InProceedings{eshuis2003reactive,
  author       = {Eshuis, Rik and Dehnert, Juliane},
  booktitle    = {International Conference on Application and Theory of Petri Nets},
  title        = {Reactive petri nets for workflow modeling},
  year         = {2003},
  organization = {Springer},
  pages        = {296--315},
}

@InProceedings{harel2011behavioral,
  author    = {Harel, David and Marron, Assaf and Wiener, Guy and Weiss, Gera},
  booktitle = {Proceedings of the compilation of the co-located workshops on DSM'11, TMC'11, AGERE! 2011, AOOPES'11, NEAT'11, \& VMIL'11},
  title     = {Behavioral programming, decentralized control, and multiple time scales},
  year      = {2011},
  pages     = {171--182},
}

@InCollection{kirsch2012logical,
  author    = {Kirsch, Christoph M and Sokolova, Ana},
  booktitle = {Advances in Real-Time Systems},
  publisher = {Springer},
  title     = {The logical execution time paradigm},
  year      = {2012},
  pages     = {103--120},
}

@Article{cardozo2015semantics,
  author    = {Cardozo, Nicol{\'a}s and Gonz{\'a}lez, Sebasti{\'a}n and Mens, Kim and Van Der Straeten, Ragnhild and Vallejos, Jorge and D’Hondt, Theo},
  journal   = {Information and Software Technology},
  title     = {Semantics for consistent activation in context-oriented systems},
  year      = {2015},
  pages     = {71--94},
  volume    = {58},
  publisher = {Elsevier},
}

@Article{Elyasaf2020COBP,
  author    = {Achiya Elyasaf},
  journal   = {Information and Software Technology},
  title     = {{Context-Oriented Behavioral Programming}},
  year      = {2021},
  issn      = {0950-5849},
  month     = {may},
  pages     = {106504},
  volume    = {133},
  doi       = {https://doi.org/10.1016/j.infsof.2020.106504},
  keywords  = {Behavioral programming, Scenario-based programming, Programming paradigm, Context awareness, Context-oriented programming, Context-Oriented Behavioral Programming},
  publisher = {Elsevier {BV}},
  url       = {http://www.sciencedirect.com/science/article/pii/S095058492030094X},
}

@Article{best1992petri,
  author    = {Best, Eike and Koutny, Maciej},
  journal   = {Theoretical Computer Science},
  title     = {Petri net semantics of priority systems},
  year      = {1992},
  number    = {1},
  pages     = {175--215},
  volume    = {96},
  publisher = {Elsevier},
}

@Book{jensen2009coloured,
  author    = {Jensen, Kurt and Kristensen, Lars M},
  publisher = {Springer Science \& Business Media},
  title     = {Coloured Petri nets: modelling and validation of concurrent systems},
  year      = {2009},
}

@Comment{jabref-meta: databaseType:bibtex;}

@Article{Alexandron2014SBPa,
  author    = {Alexandron, Giora and Armoni, Michal and Gordon, Michal and Harel, David},
  journal   = {ACM Transactions on Computing Education (TOCE)},
  title     = {{Scenario-based Programming, Usability-oriented Perception}},
  year      = {2014},
  number    = {3},
  pages     = {1--23},
  volume    = {14},
  publisher = {ACM New York, NY, USA},
}

@Article{Harel2009TeachingVisualFormalisms,
  author    = {Harel, David and Gordon-Kiwkowitz, Michal},
  journal   = {{IEEE} Software},
  title     = {{On Teaching Visual Formalisms}},
  year      = {2009},
  month     = {may},
  number    = {3},
  pages     = {87--95},
  volume    = {26},
  doi       = {10.1109/MS.2009.76},
  publisher = {Institute of Electrical and Electronics Engineers ({IEEE})},
}


@article{moyne1975relevance,
  title={Relevance of computer science to linguistics and vice versa},
  author={Moyne, John A},
  journal={International Journal of Computer \& Information Sciences},
  volume={4},
  number={3},
  pages={265--279},
  year={1975},
  publisher={Springer}
}

@book{deutscher2010through,
  title={Through the language glass: Why the world looks different in other languages},
  author={Deutscher, Guy},
  year={2010},
  publisher={Metropolitan books}
}

@article{iverson2007notation,
author = {Iverson, Kenneth E.},
title = {Notation as a Tool of Thought},
year = {1980},
issue_date = {Aug. 1980},
publisher = {Association for Computing Machinery},
address = {New York, NY, USA},
volume = {23},
number = {8},
issn = {0001-0782},
doi = {10.1145/358896.358899},
journal = {Communications of the ACM},
month = aug,
pages = {444–465},
numpages = {22}
}


@Misc{Matz2003Ruby,
  author = {Yukihiro Matsumoto},
  month  = aug,
  note   = {Archived from the original presentation.},
  title  = {The Power and Philosophy of Ruby (or, how to create Babel-17).},
  year   = {2003},
}

@article{wolff2011linguistic,
  title={Linguistic relativity},
  author={Wolff, Phillip and Holmes, Kevin J},
  journal={Wiley Interdisciplinary Reviews: Cognitive Science},
  volume={2},
  number={3},
  pages={253--265},
  year={2011},
  publisher={Wiley Online Library}
}

@article{pae2020linguistic,
  title={From Linguistic Relativity to Script Relativity},
  author={Pae, Hye K},
  journal={Script Effects as the Hidden Drive of the Mind, Cognition, and Culture},
  pages={37--58},
  year={2020},
  publisher={Springer}
}

@article{chen2018linguistic,
  title={Linguistic Relativity and Programming Languages},
  author={Chen, Jiahao},
  journal={arXiv preprint arXiv:1808.03916},
  year={2018}
}

@article{leskovar2014petri,
  title={Petri Net Modelling and Simulation in AnyLogic and MATLAB for ARGESIM Benchmark C4'Dining Philosophers'.},
  author={Leskovar, Ruth and Tanzler, Johannes and Bicher, Martin},
  journal={Simul. Notes Eur.},
  volume={24},
  number={1},
  pages={55--58},
  year={2014}
}

@inproceedings{poliakov2009workcraft,
  title={Workcraft--a framework for interpreted graph models},
  author={Poliakov, Ivan and Khomenko, Victor and Yakovlev, Alex},
  booktitle={International Conference on Applications and Theory of Petri Nets},
  pages={333--342},
  year={2009},
  organization={Springer}
}

@article{sokolov2016workcraft,
  title={Workcraft: Ten years later},
  author={Sokolov, Danil and Khomenko, Victor and Mokhov, Andrey},
  journal={This asynchronous world. Essays dedicated to Alex Yakovlev on the occasion of his 60th birthday},
  pages={269--293},
  year={2016},
  publisher={Newcastle University}
}

@Misc{workcraftDinning,
  author = {workcraft.org},
  note   = {\url{https://workcraft.org/tutorial/model/dining_philosophers/start}},
  title  = {{Modelling with Petri Nets: Dining Philosophers}},
}

 @misc{PetriNetDSLblahchain, 
    title={Constructing a language with a petri-net}, url={https://www.blahchain.com/posts/dsl_creation.html}, journal={Constructing a Language with a Petri-Net - blahchain.com documentation}
} 

@inproceedings{davidrajuh2014verifying,
  title={Verifying solutions to the dining philosophers problem with activity-oriented petri nets},
  author={Davidrajuh, Reggie},
  booktitle={2014 4th International Conference on Artificial Intelligence with Applications in Engineering and Technology},
  pages={163--168},
  year={2014},
  organization={IEEE}
}

@misc{Yaacov2021Thesis,
author = {Yaacov, Tom},
address = {Beer-Sheva},
booktitle = {Extending behavioral programming towards improved software engineering practices},
keywords = {Computer programming},
language = {eng},
abstract = {This thesis presents several extensions of the Behavioral Programming (BP) paradigm tomake it more accessible and usable for applications.},
publisher = {Ben-Gurion University of the Negev},
title = {Extending behavioral programming towards improved software engineering practices },
year = {2021},
}

@inproceedings{kindler2009towards,
  title={Towards a standard for modular Petri nets: A formalisation},
  author={Kindler, Ekkart and Petrucci, Laure},
  booktitle={International Conference on Applications and Theory of Petri Nets},
  pages={43--62},
  year={2009},
  organization={Springer}
}

@article{devillers2021articulations,
  title={Articulations and Products of Transition Systems and their Applications to Petri Net Synthesis},
  author={Devillers, Raymond},
  journal={Fundamenta Informaticae},
  volume={183},
  year={2021},
  publisher={Episciences. org}
}

@book{reisig2012petri,
  title={Petri nets: an introduction},
  author={Reisig, Wolfgang},
  volume={4},
  year={2012},
  publisher={Springer Science \& Business Media}
}

@inproceedings{marron2018embedding,
  title={Embedding Scenario-based Modeling in Statecharts.},
  author={Marron, Assaf and Hacohen, Yotam and Harel, David and M{\"u}lder, Andreas and Terfloth, Axel},
  booktitle={MoDELS (Workshops)},
  pages={443--452},
  year={2018}
}